Automatically generated by Mendeley Desktop 1.19.1
Any changes to this file will be lost if it is regenerated by Mendeley.

BibTeX export options can be customized via Options -> BibTeX in Mendeley Desktop

@article{Iorio2010c,
author = {Iorio, F. and Bosotti, R. and Scacheri, E. and Belcastro, V. and Mithbaokar, P. and Ferriero, R. and Murino, L. and Tagliaferri, R. and Brunetti-Pierri, N. and Isacchi, A. and di Bernardo, D.},
doi = {10.1073/pnas.1000138107},
file = {:home/dario/.local/share/data/Mendeley Ltd./Mendeley Desktop/Downloaded/Iorio et al. - 2010 - Discovery of drug mode of action and drug repositioning from transcriptional responses.pdf:pdf},
issn = {0027-8424},
journal = {Proceedings of the National Academy of Sciences},
keywords = {MoA,drug,mantra,repositioning},
mendeley-tags = {MoA,drug,mantra,repositioning},
number = {33},
pages = {14621--14626},
title = {{Discovery of drug mode of action and drug repositioning from transcriptional responses}},
url = {http://www.pnas.org/cgi/doi/10.1073/pnas.1000138107},
volume = {107},
year = {2010}
}
