Automatically generated by Mendeley Desktop 1.19.1
Any changes to this file will be lost if it is regenerated by Mendeley.

BibTeX export options can be customized via Options -> BibTeX in Mendeley Desktop

@article{Pratanwanich2014b,
author = {Pratanwanich, Naruemon and Lio, Pietro},
doi = {10.1039/c4mb00014e},
file = {:home/dario/.local/share/data/Mendeley Ltd./Mendeley Desktop/Downloaded/Pratanwanich, Lio - 2014 - Molecular BioSystems Pathway-based Bayesian inference of drug – disease interactions †.pdf:pdf},
keywords = {comorbidity},
mendeley-tags = {comorbidity},
pages = {1538--1548},
title = {{Molecular BioSystems Pathway-based Bayesian inference of drug – disease interactions †}},
year = {2014}
}
@article{Capobianco2013b,
author = {Capobianco, Enrico and Lio, Pietro},
doi = {10.1016/j.molmed.2013.07.004},
file = {:home/dario/.local/share/data/Mendeley Ltd./Mendeley Desktop/Downloaded/Capobianco, Lio - 2013 - Comorbidity a multidimensional approach.pdf:pdf},
issn = {1471-4914},
journal = {Trends in Molecular Medicine},
keywords = {004,07,10,1016,1471-4914,2013,all rights reserved,clustering,comorbidity,doi,dx,dynamic mapping,http,inference,j,molmed,multidimensionality,org,patient disease network,see front matter,{\ss} 2013 elsevier ltd},
mendeley-tags = {comorbidity},
pages = {1--7},
publisher = {Elsevier Ltd},
title = {{Comorbidity : a multidimensional approach}},
url = {http://dx.doi.org/10.1016/j.molmed.2013.07.004},
year = {2013}
}
