Automatically generated by Mendeley Desktop 1.17.13
Any changes to this file will be lost if it is regenerated by Mendeley.

BibTeX export options can be customized via Preferences -> BibTeX in Mendeley Desktop

@article{Qu2016b,
author = {Qu, Kun and Garamszegi, Sara and Wu, Felix and Thorvaldsdottir, Helga and Liefeld, Ted and Ocana, Marco and Borges-Rivera, Diego and Pochet, Nathalie and Robinson, James T and Demchak, Barry and Hull, Tim and Ben-Artzi, Gil and Blankenberg, Daniel and Barber, Galt P and Lee, Brian T and Kuhn, Robert M and Nekrutenko, Anton and Segal, Eran and Ideker, Trey and Reich, Michael and Regev, Aviv and Chang, Howard Y and Mesirov, Jill P},
doi = {10.1038/nmeth.3732},
file = {:Users/inzirio/Library/Application Support/Mendeley Desktop/Downloaded/Qu et al. - 2016 - Integrative genomic analysis by interoperation of bioinformatics tools in GenomeSpace.pdf:pdf},
issn = {1548-7091},
journal = {Nature Methods},
keywords = {gui,integration,tools,web},
mendeley-tags = {gui,integration,tools,web},
number = {April 2015},
pages = {1--4},
publisher = {Nature Publishing Group},
title = {{Integrative genomic analysis by interoperation of bioinformatics tools in GenomeSpace}},
url = {http://www.nature.com/doifinder/10.1038/nmeth.3732},
year = {2016}
}
