Automatically generated by Mendeley Desktop 1.19.3
Any changes to this file will be lost if it is regenerated by Mendeley.

BibTeX export options can be customized via Preferences -> BibTeX in Mendeley Desktop

@article{Santos2014c,
author = {Santos, Suzana De Siqueira},
file = {:Users/inzirio/Library/Application Support/Mendeley Desktop/Downloaded/Santos - 2014 - GSEA Gene set enrichment analysis Gene set enrichment analysis A knowledge-based approach for interpreting genome-wide.pdf:pdf},
keywords = {analysis,enrichment,gsea},
mendeley-tags = {analysis,enrichment,gsea},
title = {{GSEA : Gene set enrichment analysis Gene set enrichment analysis : A knowledge-based approach for interpreting genome-wide expression profiles}},
year = {2014}
}
@article{Javac,
author = {Java, P},
file = {:Users/inzirio/Library/Application Support/Mendeley Desktop/Downloaded/Java - Unknown - package. Description of Data Sets Gender Data Set. This data set is unpublished (A.P.) The U133A CEL files were scale.pdf:pdf},
keywords = {analysis,enrichment,gsea},
mendeley-tags = {analysis,enrichment,gsea},
number = {2},
title = {{package. Description of Data Sets Gender Data Set. This data set is unpublished (A.P.) The U133A CEL files were scaled by using the Broad Institute's}}
}
