Automatically generated by Mendeley Desktop 1.19.3
Any changes to this file will be lost if it is regenerated by Mendeley.

BibTeX export options can be customized via Preferences -> BibTeX in Mendeley Desktop

@article{Ko2010c,
author = {Ko, In Kap and Kim, Byung-Gyu and Awadallah, Amad and Mikulan, Jenifer and Lin, Paul and Letterio, John J and Dennis, James E},
doi = {10.1038/mt.2010.54},
file = {:Users/inzirio/Library/Application Support/Mendeley Desktop/Downloaded/Ko et al. - 2010 - Targeting Improves MSC Treatment of Inflammatory Bowel Disease.pdf:pdf},
issn = {1525-0016},
journal = {Molecular Therapy},
keywords = {biology,ulcerative colitis},
mendeley-tags = {biology,ulcerative colitis},
number = {7},
pages = {1365--1372},
title = {{Targeting Improves MSC Treatment of Inflammatory Bowel Disease}},
url = {http://www.nature.com/doifinder/10.1038/mt.2010.54},
volume = {18},
year = {2010}
}
