Automatically generated by Mendeley Desktop 1.17.13
Any changes to this file will be lost if it is regenerated by Mendeley.

BibTeX export options can be customized via Preferences -> BibTeX in Mendeley Desktop

@article{Unknownc,
author = {Unknown},
file = {:Users/inzirio/Library/Application Support/Mendeley Desktop/Downloaded/Unknown - Unknown - Torque tutorial R.pdf:pdf},
keywords = {R,coding,parallel coding},
mendeley-tags = {R,coding,parallel coding},
title = {{Torque tutorial R}}
}
@article{Weston2009c,
author = {Weston, Steve},
file = {:Users/inzirio/Library/Application Support/Mendeley Desktop/Downloaded/Weston - 2009 - Using The foreach Package.pdf:pdf},
journal = {I Can},
keywords = {R,coding,parallel coding},
mendeley-tags = {R,coding,parallel coding},
pages = {1--13},
title = {{Using The foreach Package}},
year = {2009}
}
@article{Weston2011c,
author = {Weston, Steve},
file = {:Users/inzirio/Library/Application Support/Mendeley Desktop/Downloaded/Weston - 2011 - Getting Started with doSMP and foreach.pdf:pdf},
keywords = {R,coding,parallel coding},
mendeley-tags = {R,coding,parallel coding},
pages = {2--7},
title = {{Getting Started with doSMP and foreach}},
year = {2011}
}
@article{Marcelino2014c,
author = {Marcelino, Daniel},
file = {:Users/inzirio/Library/Application Support/Mendeley Desktop/Downloaded/Marcelino - 2014 - Parallel computing in R R-bloggers.pdf:pdf},
keywords = {R,coding,parallel coding},
mendeley-tags = {R,coding,parallel coding},
pages = {1--14},
title = {{Parallel computing in R | R-bloggers}},
url = {http://www.r-bloggers.com/parallel-computing-in-r/},
year = {2014}
}
@article{Schmidberger2009c,
abstract = {...  State -of-the- art in Parallel  Computing with R Technical Report Number 47, 2009 Department of Statistics University of Munich ... Page 2. State -of-the- art in Parallel  Computing with R Markus Schmidberger Ludwig-Maximilians-Universit{\"{a}}t M{\"{u}}nchen, Germany ...},
author = {Schmidberger, M and Morgan, M},
file = {:Users/inzirio/Library/Application Support/Mendeley Desktop/Downloaded/Schmidberger, Morgan - 2009 - State-of-the-art in Parallel Computing with R.pdf:pdf},
journal = {Journal of {\ldots}},
keywords = {Parallel Computing,Programming,R,coding,parallel coding},
mendeley-tags = {R,coding,parallel coding},
number = {47},
title = {{State-of-the-art in Parallel Computing with R}},
url = {http://epub.ub.uni-muenchen.de/8991{\%}5Cnpapers3://publication/uuid/BF551DDE-18D8-4D83-8F63-30ECF57C63C5},
year = {2009}
}
