Automatically generated by Mendeley Desktop 1.17.13
Any changes to this file will be lost if it is regenerated by Mendeley.

BibTeX export options can be customized via Preferences -> BibTeX in Mendeley Desktop

@article{Iskar2014b,
author = {Iskar, M. and Zeller, G. and Blattmann, P. and Campillos, M. and Kuhn, M. and Kaminska, K. H. and Runz, H. and Gavin, A.-C. and Pepperkok, R. and van Noort, V. and Bork, P.},
doi = {10.1038/msb.2013.20},
file = {:Users/inzirio/Library/Application Support/Mendeley Desktop/Downloaded/Iskar et al. - 2014 - Characterization of drug-induced transcriptional modules towards drug repositioning and functional understanding.pdf:pdf},
issn = {1744-4292},
journal = {Molecular Systems Biology},
keywords = {MoA,cell line models in,drug,drug discovery,drug-induced transcriptional modules,gene function prediction,repositioning,transcriptome conservation across cell,types and organisms},
mendeley-tags = {MoA,drug,repositioning},
number = {1},
pages = {662--662},
publisher = {Nature Publishing Group},
title = {{Characterization of drug-induced transcriptional modules: towards drug repositioning and functional understanding}},
url = {http://msb.embopress.org/cgi/doi/10.1038/msb.2013.20},
volume = {9},
year = {2014}
}
@article{Iorio2010c,
author = {Iorio, F. and Bosotti, R. and Scacheri, E. and Belcastro, V. and Mithbaokar, P. and Ferriero, R. and Murino, L. and Tagliaferri, R. and Brunetti-Pierri, N. and Isacchi, A. and di Bernardo, D.},
doi = {10.1073/pnas.1000138107},
file = {:Users/inzirio/Library/Application Support/Mendeley Desktop/Downloaded/Iorio et al. - 2010 - Discovery of drug mode of action and drug repositioning from transcriptional responses.pdf:pdf},
issn = {0027-8424},
journal = {Proceedings of the National Academy of Sciences},
keywords = {MoA,drug,mantra,repositioning},
mendeley-tags = {MoA,drug,mantra,repositioning},
number = {33},
pages = {14621--14626},
title = {{Discovery of drug mode of action and drug repositioning from transcriptional responses}},
url = {http://www.pnas.org/cgi/doi/10.1073/pnas.1000138107},
volume = {107},
year = {2010}
}
