Automatically generated by Mendeley Desktop 1.19.3
Any changes to this file will be lost if it is regenerated by Mendeley.

BibTeX export options can be customized via Preferences -> BibTeX in Mendeley Desktop

@article{Kumar2016d,
author = {Kumar, Shailesh and Vo, Angie Duy and Qin, Fujun and Li, Hui},
doi = {10.1038/srep21597},
file = {:Users/inzirio/Library/Application Support/Mendeley Desktop/Downloaded/Kumar et al. - 2016 - Comparative assessment of methods for the fusion transcripts detection from RNA-Seq data.pdf:pdf},
issn = {2045-2322},
journal = {Scientific Reports},
keywords = {fusion transcripts,methods,next generation sequencing,ngs,review,rna-seq},
mendeley-tags = {fusion transcripts,methods,next generation sequencing,ngs,review,rna-seq},
number = {October 2015},
pages = {21597},
pmid = {26862001},
publisher = {Nature Publishing Group},
title = {{Comparative assessment of methods for the fusion transcripts detection from RNA-Seq data}},
url = {http://www.nature.com/articles/srep21597},
volume = {6},
year = {2016}
}
