Automatically generated by Mendeley Desktop 1.19.1
Any changes to this file will be lost if it is regenerated by Mendeley.

BibTeX export options can be customized via Options -> BibTeX in Mendeley Desktop

@article{Feil2012c,
author = {Feil, Robert and Fraga, Mario F.},
doi = {10.1038/nrg3142},
file = {:home/dario/.local/share/data/Mendeley Ltd./Mendeley Desktop/Downloaded/Feil, Fraga - 2012 - Epigenetics and the environment emerging patterns and implications.pdf:pdf},
issn = {1471-0056},
journal = {Nature Reviews Genetics},
keywords = {biology,epigenetics},
mendeley-tags = {biology,epigenetics},
number = {2},
pages = {97--109},
publisher = {Nature Publishing Group},
title = {{Epigenetics and the environment: emerging patterns and implications}},
url = {http://www.nature.com/doifinder/10.1038/nrg3142},
volume = {13},
year = {2012}
}
@article{Kanherkar2014c,
author = {Kanherkar, Riya R. and Bhatia-Dey, Naina and Csoka, Antonei B.},
doi = {10.3389/fcell.2014.00049},
file = {:home/dario/.local/share/data/Mendeley Ltd./Mendeley Desktop/Downloaded/Kanherkar, Bhatia-Dey, Csoka - 2014 - Epigenetics across the human lifespan.pdf:pdf},
issn = {2296-634X},
journal = {Frontiers in Cell and Developmental Biology},
keywords = {biology,development,diet,disease,environment,epigenetics,human lifespan},
mendeley-tags = {biology,epigenetics},
number = {September},
pages = {1--19},
title = {{Epigenetics across the human lifespan}},
url = {http://journal.frontiersin.org/article/10.3389/fcell.2014.00049/abstract},
volume = {2},
year = {2014}
}
